@manual{latexDV,
    author = {Didier Verna},
    title = {\LaTeX{}2e},
    subtitle = {Un tour d'horizon},
    language = {fr},
    langid = {french},
    institution = {LRDE},
    organization = {EPITA},
    url = {https://www.lrde.epita.fr/~didier/lectures/latex2e.php},
    urldate = {2019-08-19}
}
